@article{kukreja2022machine,
  title={Machine learning models for mathematical symbol recognition: A stem to stern literature analysis},
  author={Kukreja, Vinay and Sakshi},
  journal={Multimedia Tools and Applications},
  volume={81},
  number={20},
  pages={28651--28687},
  year={2022},
  publisher={Springer}
}

@article{higham2019deep,
  title={Deep learning: An introduction for applied mathematicians},
  author={Higham, Catherine F and Higham, Desmond J},
  journal={Siam review},
  volume={61},
  number={4},
  pages={860--891},
  year={2019},
  publisher={SIAM}
}

@misc{digitaloceanBuildNeural,
	author = {},
	title = {{H}ow {T}o {B}uild a {N}eural {N}etwork to {R}ecognize {H}andwritten {D}igits with {T}ensor{F}low | {D}igital{O}cean --- digitalocean.com},
	howpublished = {\url{https://www.digitalocean.com/community/tutorials/how-to-build-a-neural-network-to-recognize-handwritten-digits-with-tensorflow}},
	year = {},
	note = {[Accessed 04-01-2024]},
}

@article{article,
author = {Bisen, Dhananjay},
year = {2021},
month = {02},
pages = {1-14},
title = {Deep convolutional neural network based plant species recognition through features of leaf},
volume = {80},
journal = {Multimedia Tools and Applications},
doi = {10.1007/s11042-020-10038-w}
}

@misc{mediumStartedWith,
	author = {Talha Quddoos},
	title = {{G}et {S}tarted with {C}omputer {V}ision by {B}uilding a {D}igit {R}ecognition {M}odel with {T}ensorflow --- medium.com},
	howpublished = {\url{https://medium.com/artificialis/get-started-with-computer-vision-by-building-a-digit-recognition-model-with-tensorflow-b2216823b90a}},
	year = {},
	note = {[Accessed 05-01-2024]},
}